<?xml version="1.0" encoding="UTF-8"?><record xmlns="http://www.loc.gov/MARC21/slim" xmlns:cinclude="http://apache.org/cocoon/include/1.0" xmlns:zs="http://www.loc.gov/zing/srw/">
  <leader>00899nz  a2200169n  4500</leader>
  <controlfield tag="001">no2007068981</controlfield>
  <controlfield tag="003">DLC</controlfield>
  <controlfield tag="005">20070622075149.0</controlfield>
  <controlfield tag="008">070620n| acannaabn          |a ana     c</controlfield>
  <datafield tag="010" ind1=" " ind2=" ">
    <subfield code="a">no2007068981</subfield>
  </datafield>
  <datafield tag="035" ind1=" " ind2=" ">
    <subfield code="a">(OCoLC)oca07442793</subfield>
  </datafield>
  <datafield tag="040" ind1=" " ind2=" ">
    <subfield code="a">ICU</subfield>
    <subfield code="b">eng</subfield>
    <subfield code="c">ICU</subfield>
  </datafield>
  <datafield tag="110" ind1="2" ind2=" ">
    <subfield code="a">Sveučilište u Zagrebu.</subfield>
    <subfield code="b">Centar za pripremu Etnološkog atlasa Jugoslavije</subfield>
  </datafield>
  <datafield tag="410" ind1="2" ind2=" ">
    <subfield code="a">Sveučilište u Zagrebu.</subfield>
    <subfield code="b">Centar za pripremu Etnološkog atlasa</subfield>
  </datafield>
  <datafield tag="410" ind1="2" ind2=" ">
    <subfield code="a">Sveučilište u Zagrebu.</subfield>
    <subfield code="b">Centar za pripremu Atlasa</subfield>
  </datafield>
  <datafield tag="670" ind1=" " ind2=" ">
    <subfield code="a">Etnološki atlas Jugoslavije, 1963:</subfield>
    <subfield code="b">cover (Centar za pripremu Atlasa, Zagreb, Filozofski fakultet, Etnološki zavod) p. 6 (adress: Centar za pripremu Etnološkog atlasa, Filozofski fakultet, Zagreb 2)</subfield>
  </datafield>
  <datafield tag="670" ind1=" " ind2=" ">
    <subfield code="a">Web site for Odsijek za etnologiju (viewed 20 June 2007):</subfield>
    <subfield code="b">(Centar za pripremu Etnološkog atlasa Jugoslavije (EAJ) pri Filozofskom faklutetu u Zagrebu, founded in 1961)</subfield>
  </datafield>
</record>